<?xml version="1.0" encoding="UTF-8"?><collection xmlns="http://www.loc.gov/MARC21/slim"><record><leader>00428nam--2200133-i-4500</leader><controlfield tag="001">000004417</controlfield><controlfield tag="002">20161230</controlfield><controlfield tag="005">20170103003159</controlfield><controlfield tag="008">060222s1000------------r-----000-0-eng-d</controlfield><datafield ind1=" " ind2=" " tag="100"><subfield code="a">Carvalho, Rodrigo Alberto Guedes De</subfield></datafield><datafield ind1=" " ind2=" " tag="245"><subfield code="a">Separacao de tecnecio de renio por electroforese e cromatografia em papel</subfield></datafield><datafield ind1=" " ind2=" " tag="260"><subfield code="a">Porto</subfield><subfield code="b">Faculdade De Engenharia Da Universidade Do Porto</subfield><subfield code="c">1958</subfield></datafield><datafield ind1=" " ind2=" " tag="490"><subfield code="a">164p</subfield></datafield><datafield ind1=" " ind2=" " tag="CAT"><subfield code="a">SYS</subfield><subfield code="c">20170103</subfield><subfield code="h">003159</subfield></datafield></record></collection>